<?xml version="1.0" encoding="UTF-8"?><collection xmlns="http://www.loc.gov/MARC21/slim"><record><leader>00508nam--2200181-i-4500</leader><controlfield tag="001">000028079</controlfield><controlfield tag="002">20161230</controlfield><controlfield tag="005">20161230201037</controlfield><controlfield tag="008">060222s1000------------r-----000-0-eng-d</controlfield><datafield ind1=" " ind2=" " tag="020"><subfield code="a">0471524409</subfield></datafield><datafield ind1=" " ind2=" " tag="040"><subfield code="a">IFIN-HH</subfield></datafield><datafield ind1=" " ind2=" " tag="080"><subfield code="a">539.19:539.18</subfield></datafield><datafield ind1="1" ind2=" " tag="100"><subfield code="a">Lehmann, Walter J</subfield></datafield><datafield ind1="1" ind2="0" tag="245"><subfield code="a">Atomic and molecular structure: the development on our concepts</subfield><subfield code="c">Walter j. lehmann</subfield></datafield><datafield ind1=" " ind2=" " tag="260"><subfield code="a">New York</subfield><subfield code="b">Wiley &amp; Sons, Inc</subfield><subfield code="c">1972</subfield></datafield><datafield ind1=" " ind2=" " tag="300"><subfield code="a">XIX + 449P</subfield></datafield><datafield ind1=" " ind2=" " tag="852"><subfield code="a">37349</subfield><subfield code="c">539.18</subfield></datafield><datafield ind1=" " ind2=" " tag="CAT"><subfield code="a">Sys</subfield><subfield code="c">20120702</subfield><subfield code="h">164856</subfield></datafield></record></collection>